@article{RN15,
   author = {Allen, Franklin and Carletti, Elena and Marquez, Robert},
   title = {Credit Market Competition and Capital Regulation},
   journal = {The Review of Financial Studies},
   volume = {24},
   number = {4},
   pages = {983-1018},
   ISSN = {08939454, 14657368},
   url = {http://www.jstor.org.queens.ezp1.qub.ac.uk/stable/20869263},
   year = {2011},
   type = {Journal Article}
}

@article{RN16,
   author = {Amihud, Yakov and Lev, Baruch},
   title = {Risk Reduction as a Managerial Motive for Conglomerate Mergers},
   journal = {The Bell Journal of Economics},
   volume = {12},
   number = {2},
   pages = {605-617},
   ISSN = {0361915X},
   DOI = {10.2307/3003575},
   url = {http://www.jstor.org.queens.ezp1.qub.ac.uk/stable/3003575},
   year = {1981},
   type = {Journal Article}
}

@article{RN17,
   author = {Andrianova, Svetlana and Demetriades, Panicos and Shortland, Anja},
   title = {Government Ownership of Banks, Institutions and Economic Growth},
   journal = {Economica},
   volume = {79},
   number = {315},
   pages = {449-469},
   ISSN = {00130427, 14680335},
   url = {http://www.jstor.org/stable/23274805},
   year = {2012},
   type = {Journal Article}
}

@article{RN18,
   author = {Anginer, Deniz and Demirguc-Kunt, Asli},
   title = {Bank Capital and Systemic Stability},
   journal = {Policy Research Working Papers},
   volume = {6948},
   number = {June 2014},
   pages = {42},
   DOI = {doi:10.1596/1813-9450-6948},
   url = {https://doi.org/10.1596/1813-9450-6948},
   year = {2014},
   type = {Journal Article}
}

@article{RN19,
   author = {Anginer, Deniz and Demirgüç-Kunt, Asli and Mare, Davide S.},
   title = {Bank capital, institutional environment and systemic stability},
   journal = {Journal of Financial Stability},
   volume = {37},
   pages = {97-106},
   ISSN = {1572-3089},
   DOI = {https://doi.org/10.1016/j.jfs.2018.06.001},
   url = {https://www.sciencedirect.com/science/article/pii/S1572308916301589},
   year = {2018},
   type = {Journal Article}
}

@book{RN20,
   author = {Atkinson, Anthony. B. and Stiglitz, Joseph. E.},
   title = {Lectures on Public Economics},
   publisher = {McGraw-Hill Book Co},
   address = {London ; New York},
   ISBN = {0070841055
0070841063 (paperback)},
   year = {1980},
   type = {Book}
}

@article{RN21,
   author = {Ayadi, Rym and Bongini, Paola and Casu, Barbara and Cucinelli, Doriana},
   title = {Bank Business Model Migrations in Europe: Determinants and Effects},
   journal = {British Journal of Management},
   volume = {n/a},
   number = {n/a},
   ISSN = {1045-3172},
   DOI = {https://doi.org/10.1111/1467-8551.12437},
   url = {https://doi.org/10.1111/1467-8551.12437},
   year = {2020},
   type = {Journal Article}
}

@article{RN22,
   author = {Beck, Thorsten and Demirgüç-Kunt, Asli and Maksimovic, Vojislav},
   title = {Bank Competition and Access to Finance: International Evidence},
   journal = {Journal of Money, Credit and Banking},
   volume = {36},
   number = {3},
   pages = {627-648},
   ISSN = {00222879, 15384616},
   url = {http://www.jstor.org.queens.ezp1.qub.ac.uk/stable/3838958},
   year = {2004},
   type = {Journal Article}
}

@article{RN23,
   author = {Beck, Thorsten and Levine, Ross},
   title = {Industry growth and capital allocation:: does having a market- or bank-based system matter?},
   journal = {Journal of Financial Economics},
   volume = {64},
   number = {2},
   pages = {147-180},
   ISSN = {0304-405X},
   DOI = {https://doi.org/10.1016/S0304-405X(02)00074-0},
   url = {https://www.sciencedirect.com/science/article/pii/S0304405X02000740},
   year = {2002},
   type = {Journal Article}
}

@article{RN24,
   author = {Berger, Allen N. and Bouwman, Christa H. S.},
   title = {How does capital affect bank performance during financial crises?},
   journal = {Journal of Financial Economics},
   volume = {109},
   number = {1},
   pages = {146-176},
   ISSN = {0304-405X},
   DOI = {https://doi.org/10.1016/j.jfineco.2013.02.008},
   url = {https://www.sciencedirect.com/science/article/pii/S0304405X13000512},
   year = {2013},
   type = {Journal Article}
}

@article{RN25,
   author = {Berger, Allen N. and Clarke, George R. G. and Cull, Robert and Klapper, Leora and Udell, Gregory F.},
   title = {Corporate governance and bank performance: A joint analysis of the static, selection, and dynamic effects of domestic, foreign, and state ownership},
   journal = {Journal of Banking & Finance},
   volume = {29},
   number = {8},
   pages = {2179-2221},
   ISSN = {0378-4266},
   DOI = {https://doi.org/10.1016/j.jbankfin.2005.03.013},
   url = {https://www.sciencedirect.com/science/article/pii/S0378426605000531},
   year = {2005},
   type = {Journal Article}
}

@article{RN26,
   author = {Berger, Allen N. and Hasan, Iftekhar and Zhou, Mingming},
   title = {Bank ownership and efficiency in China: What will happen in the world’s largest nation?},
   journal = {Journal of Banking & Finance},
   volume = {33},
   number = {1},
   pages = {113-130},
   ISSN = {0378-4266},
   DOI = {https://doi.org/10.1016/j.jbankfin.2007.05.016},
   url = {https://www.sciencedirect.com/science/article/pii/S0378426607003822},
   year = {2009},
   type = {Journal Article}
}

@article{RN27,
   author = {Bichsel, Robert and Blum, Jürg},
   title = {The relationship between risk and capital in Swiss commercial banks: a panel study},
   journal = {Applied Financial Economics},
   volume = {14},
   number = {8},
   pages = {591-597},
   ISSN = {0960-3107},
   DOI = {10.1080/0960310042000233881},
   url = {https://doi.org/10.1080/0960310042000233881},
   year = {2004},
   type = {Journal Article}
}

@article{RN28,
   author = {Bitar, Mohammad and Pukthuanthong, Kuntara and Walker, Thomas},
   title = {The effect of capital ratios on the risk, efficiency and profitability of banks: Evidence from OECD countries},
   journal = {Journal of International Financial Markets, Institutions and Money},
   volume = {53},
   pages = {227-262},
   ISSN = {1042-4431},
   DOI = {https://doi.org/10.1016/j.intfin.2017.12.002},
   url = {https://www.sciencedirect.com/science/article/pii/S104244311730598X},
   year = {2018},
   type = {Journal Article}
}

@article{RN29,
   author = {Blum, Jürg},
   title = {Do capital adequacy requirements reduce risks in banking?},
   journal = {Journal of Banking & Finance},
   volume = {23},
   number = {5},
   pages = {755-771},
   ISSN = {0378-4266},
   DOI = {https://doi.org/10.1016/S0378-4266(98)00113-7},
   url = {https://www.sciencedirect.com/science/article/pii/S0378426698001137},
   year = {1999},
   type = {Journal Article}
}

@article{RN30,
   author = {Borio, Claudio. E. V.},
   title = {Towards a macroprudential framework for financial supervision and regulation? },
   journal = {BIS working papers},
   volume = {no. 128.},
   number = {Accessed from https://nla.gov.au/nla.cat-vn1001461},
   pages = {1020-0959 },
   year = {2003},
   type = {Journal Article}
}

@article{RN32,
   author = {Boyd, John H. and De Nicoló, Gianni},
   title = {The Theory of Bank Risk Taking and Competition Revisited},
   journal = {The Journal of Finance},
   volume = {60},
   number = {3},
   pages = {1329-1343},
   ISSN = {00221082, 15406261},
   url = {http://www.jstor.org.queens.ezp1.qub.ac.uk/stable/3694928},
   year = {2005},
   type = {Journal Article}
}

@inproceedings{RN31,
   author = {Boyd, John H. and Hakenes, Hendrik},
   title = {Looting and Gambling in Banking Crises },
   year = {2008},
   type = {Conference Proceedings}
}

@article{RN33,
   author = {Burkart, Mike and Panunzi, Fausto and Shleifer, Andrei},
   title = {Family Firms},
   journal = {The Journal of Finance},
   volume = {58},
   number = {5},
   pages = {2167-2201},
   ISSN = {0022-1082},
   DOI = {https://doi.org/10.1111/1540-6261.00601},
   url = {https://onlinelibrary.wiley.com/doi/abs/10.1111/1540-6261.00601},
   year = {2003},
   type = {Journal Article}
}

@article{RN34,
   author = {Buser, Stephen A. and Chen, Andrew H. and Kane, Edward J.},
   title = {Federal Deposit Insurance, Regulatory Policy, and Optimal Bank Capital},
   journal = {The Journal of Finance},
   volume = {36},
   number = {1},
   pages = {51-60},
   ISSN = {00221082, 15406261},
   DOI = {10.2307/2327463},
   url = {http://www.jstor.org.queens.ezp1.qub.ac.uk/stable/2327463},
   year = {1981},
   type = {Journal Article}
}

@article{RN35,
   author = {Calem, Paul and Rob, Rafael},
   title = {The Impact of Capital-Based Regulation on Bank Risk-Taking},
   journal = {Journal of Financial Intermediation},
   volume = {8},
   number = {4},
   pages = {317-352},
   ISSN = {1042-9573},
   DOI = {https://doi.org/10.1006/jfin.1999.0276},
   url = {https://www.sciencedirect.com/science/article/pii/S1042957399902760},
   year = {1999},
   type = {Journal Article}
}

@article{RN36,
   author = {Chiaramonte, Laura and Casu, Barbara},
   title = {Capital and liquidity ratios and financial distress. Evidence from the European banking industry},
   journal = {The British Accounting Review},
   volume = {49},
   number = {2},
   pages = {138-161},
   ISSN = {0890-8389},
   DOI = {https://doi.org/10.1016/j.bar.2016.04.001},
   url = {https://www.sciencedirect.com/science/article/pii/S089083891630004X},
   year = {2017},
   type = {Journal Article}
}

@article{RN37,
   author = {Cooper, Russell and Ross, Thomas W.},
   title = {Bank Runs: Deposit Insurance and Capital Requirements},
   journal = {International Economic Review},
   volume = {43},
   number = {1},
   pages = {55-72},
   ISSN = {00206598, 14682354},
   url = {http://www.jstor.org.queens.ezp1.qub.ac.uk/stable/827056},
   year = {2002},
   type = {Journal Article}
}

@article{RN40,
   author = {Dagher, Jihad and Dell’Ariccia, Giovanni and Laeven, Luc and Ratnovski, Lev and Tong, Hui},
   title = {Benefits and Costs of Bank Capital},
   journal = {Staff Discussion Notes},
   volume = {2016},
   number = {004},
   pages = {A001},
   ISSN = {9781498387712},
   DOI = {10.5089/9781498387712.006.A001},
   url = {https://www.elibrary.imf.org/view/journals/006/2016/004/article-A001-en.xml},
   year = {2016},
   type = {Journal Article}
}

@article{RN41,
   author = {Demirguc-Kunt, Asli;  and Detragiache, Enrica},
   title = {The determinants of banking crises : evidence from industrial and developing countries },
   journal = {Policy research working papers },
   number = {Accessed from https://nla.gov.au/nla.cat-vn679349},
   year = {1997},
   type = {Journal Article}
}

@article{RN42,
   author = {Demirguc-Kunt, Asli and Detragiache, Enrica and Merrouche, Ouarda},
   title = {Bank Capital: Lessons from the Financial Crisis},
   journal = {Journal of Money, Credit and Banking},
   volume = {45},
   number = {6},
   pages = {1147-1164},
   ISSN = {00222879, 15384616},
   url = {http://www.jstor.org.queens.ezp1.qub.ac.uk/stable/23463595},
   year = {2013},
   type = {Journal Article}
}

@article{RN43,
   author = {Demirgüç-Kunt, Asli and Huizinga, Harry},
   title = {Bank activity and funding strategies: The impact on risk and returns},
   journal = {Journal of Financial Economics},
   volume = {98},
   number = {3},
   pages = {626-650},
   ISSN = {0304-405X},
   DOI = {https://doi.org/10.1016/j.jfineco.2010.06.004},
   url = {https://www.sciencedirect.com/science/article/pii/S0304405X10001534},
   year = {2010},
   type = {Journal Article}
}

@article{RN44,
   author = {Demirgüç-Kunt, Asli and Kane, Edward J.},
   title = {Deposit Insurance around the Globe: Where Does It Work?},
   journal = {The Journal of Economic Perspectives},
   volume = {16},
   number = {2},
   pages = {175-195},
   ISSN = {08953309},
   url = {http://www.jstor.org.queens.ezp1.qub.ac.uk/stable/2696502},
   year = {2002},
   type = {Journal Article}
}

@article{RN45,
   author = {Diamond, Douglas W.},
   title = {Financial Intermediation and Delegated Monitoring},
   journal = {Review of Economic Studies},
   volume = {51},
   number = {3},
   pages = {393},
   ISSN = {00346527},
   DOI = {10.2307/2297430},
   url = {http://search.ebscohost.com/login.aspx?direct=true&db=buh&AN=4622235&site=ehost-live},
   year = {1984},
   type = {Journal Article}
}

@article{RN46,
   author = {Diamond, Douglas W. and Dybvig, Philip H.},
   title = {Bank Runs, Deposit Insurance, and Liquidity},
   journal = {Journal of Political Economy},
   volume = {91},
   number = {3},
   pages = {401-419},
   ISSN = {00223808, 1537534X},
   url = {http://www.jstor.org/stable/1837095},
   year = {1983},
   type = {Journal Article}
}

@article{RN47,
   author = {Fungáčová, Zuzana and Pessarossi, Pierre and Weill, Laurent},
   title = {Is bank competition detrimental to efficiency? Evidence from China},
   journal = {China Economic Review},
   volume = {27},
   pages = {121-134},
   ISSN = {1043-951X},
   DOI = {https://doi.org/10.1016/j.chieco.2013.09.004},
   url = {https://www.sciencedirect.com/science/article/pii/S1043951X13000795},
   year = {2013},
   type = {Journal Article}
}

@article{RN48,
   author = {Hellmann, Thomas F. and Murdock, Kevin C. and Stiglitz, Joseph E.},
   title = {Liberalization, Moral Hazard in Banking, and Prudential Regulation: Are Capital Requirements Enough?},
   journal = {The American Economic Review},
   volume = {90},
   number = {1},
   pages = {147-165},
   ISSN = {00028282},
   url = {http://www.jstor.org.queens.ezp1.qub.ac.uk/stable/117285},
   year = {2000},
   type = {Journal Article}
}

@article{RN49,
   author = {Hirshleifer, David and Thakor, Anjan V.},
   title = {Managerial Conservatism, Project Choice, and Debt},
   journal = {The Review of Financial Studies},
   volume = {5},
   number = {3},
   pages = {437-470},
   ISSN = {08939454, 14657368},
   url = {http://www.jstor.org.queens.ezp1.qub.ac.uk/stable/2962134},
   year = {1992},
   type = {Journal Article}
}

@article{RN50,
   author = {Hogan, Thomas L.},
   title = {Capital and risk in commercial banking: A comparison of capital and risk-based capital ratios},
   journal = {The Quarterly Review of Economics and Finance},
   volume = {57},
   pages = {32-45},
   ISSN = {1062-9769},
   DOI = {https://doi.org/10.1016/j.qref.2014.11.003},
   url = {https://www.sciencedirect.com/science/article/pii/S106297691400101X},
   year = {2015},
   type = {Journal Article}
}

@article{RN51,
   author = {Iannotta, Giuliano and Nocera, Giacomo and Sironi, Andrea},
   title = {Ownership structure, risk and performance in the European banking industry},
   journal = {Journal of Banking & Finance},
   volume = {31},
   number = {7},
   pages = {2127-2149},
   ISSN = {0378-4266},
   DOI = {https://doi.org/10.1016/j.jbankfin.2006.07.013},
   url = {https://www.sciencedirect.com/science/article/pii/S0378426607000179},
   year = {2007},
   type = {Journal Article}
}

@article{RN52,
   author = {Jensen, Michael C. and Meckling, William H.},
   title = {Theory of the firm: Managerial behavior, agency costs and ownership structure},
   journal = {Journal of Financial Economics},
   volume = {3},
   number = {4},
   pages = {305-360},
   ISSN = {0304-405X},
   DOI = {https://doi.org/10.1016/0304-405X(76)90026-X},
   url = {https://www.sciencedirect.com/science/article/pii/0304405X7690026X},
   year = {1976},
   type = {Journal Article}
}

@article{RN53,
   author = {Jiang, Hai and Zhang, Jinyi and Sun, Chen},
   title = {How does capital buffer affect bank risk-taking? New evidence from China using quantile regression},
   journal = {China Economic Review},
   volume = {60},
   pages = {101300},
   ISSN = {1043-951X},
   DOI = {https://doi.org/10.1016/j.chieco.2019.04.008},
   url = {https://www.sciencedirect.com/science/article/pii/S1043951X19300537},
   year = {2020},
   type = {Journal Article}
}

@article{RN54,
   author = {John, Kose and Litov, Lubomir and Yeung, Bernard},
   title = {Corporate Governance and Risk-Taking},
   journal = {The Journal of Finance},
   volume = {63},
   number = {4},
   pages = {1679-1728},
   ISSN = {00221082, 15406261},
   url = {http://www.jstor.org.queens.ezp1.qub.ac.uk/stable/25094487},
   year = {2008},
   type = {Journal Article}
}

@article{RN55,
   author = {John, Kose and Saunders, Anthony and Senbet, Lemma W.},
   title = {A Theory of Bank Regulation and Management Compensation},
   journal = {The Review of Financial Studies},
   volume = {13},
   number = {1},
   pages = {95-125},
   ISSN = {08939454, 14657368},
   url = {http://www.jstor.org.queens.ezp1.qub.ac.uk/stable/2646082},
   year = {2000},
   type = {Journal Article}
}

@article{RN56,
   author = {Keeley, Michael C.},
   title = {Deposit Insurance, Risk, and Market Power in Banking},
   journal = {The American Economic Review},
   volume = {80},
   number = {5},
   pages = {1183-1200},
   ISSN = {00028282},
   url = {http://www.jstor.org.queens.ezp1.qub.ac.uk/stable/2006769},
   year = {1990},
   type = {Journal Article}
}

@article{RN57,
   author = {Koehn, Michael and Santomero, Anthony M.},
   title = {Regulation of Bank Capital and Portfolio Risk},
   journal = {The Journal of Finance},
   volume = {35},
   number = {5},
   pages = {1235-1244},
   ISSN = {00221082, 15406261},
   DOI = {10.2307/2327096},
   url = {http://www.jstor.org.queens.ezp1.qub.ac.uk/stable/2327096},
   year = {1980},
   type = {Journal Article}
}

@article{RN58,
   author = {La Porta, Rafael and Florencio, Lopez-de-Silanes and Shleifer, Andrei},
   title = {Corporate Ownership around the World},
   journal = {The Journal of Finance},
   volume = {54},
   number = {2},
   pages = {471-517},
   ISSN = {00221082, 15406261},
   url = {http://www.jstor.org.queens.ezp1.qub.ac.uk/stable/2697717},
   year = {1999},
   type = {Journal Article}
}

@article{RN59,
   author = {La Porta, Rafael and Florencio, Lopez-de-Silanes and Shleifer, Andrei},
   title = {Government Ownership of Banks},
   journal = {The Journal of Finance},
   volume = {57},
   number = {1},
   pages = {265-301},
   ISSN = {00221082, 15406261},
   url = {http://www.jstor.org.queens.ezp1.qub.ac.uk/stable/2697840},
   year = {2002},
   type = {Journal Article}
}

@article{RN60,
   author = {Laeven, Luc and Levine, Ross},
   title = {Is there a diversification discount in financial conglomerates?},
   journal = {Journal of Financial Economics},
   volume = {85},
   number = {2},
   pages = {331-367},
   ISSN = {0304-405X},
   DOI = {https://doi.org/10.1016/j.jfineco.2005.06.001},
   url = {https://www.sciencedirect.com/science/article/pii/S0304405X05002217},
   year = {2007},
   type = {Journal Article}
}

@article{RN1,
   author = {Laeven, Luc and Levine, Ross},
   title = {Bank governance, regulation and risk taking},
   journal = {Journal of Financial Economics},
   volume = {93},
   number = {2},
   pages = {259-275},
   ISSN = {0304-405X},
   DOI = {https://doi.org/10.1016/j.jfineco.2008.09.003},
   url = {https://www.sciencedirect.com/science/article/pii/S0304405X09000816},
   year = {2009},
   type = {Journal Article}
}

@article{RN61,
   author = {Lee, Chien-Chiang and Hsieh, Meng-Fen},
   title = {The impact of bank capital on profitability and risk in Asian banking},
   journal = {Journal of International Money and Finance},
   volume = {32},
   pages = {251-281},
   ISSN = {0261-5606},
   DOI = {https://doi.org/10.1016/j.jimonfin.2012.04.013},
   url = {https://www.sciencedirect.com/science/article/pii/S0261560612000903},
   year = {2013},
   type = {Journal Article}
}

@article{RN62,
   author = {Lee, Chien-Chiang and Ning, Shao-Lin and Lee, Chi-Chuan},
   title = {How does Bank Capital Affect Bank Profitability and Risk? Evidence from China's WTO Accession},
   journal = {China & World Economy},
   volume = {23},
   number = {4},
   pages = {19-39},
   ISSN = {1671-2234},
   DOI = {https://doi.org/10.1111/cwe.12119},
   url = {https://doi.org/10.1111/cwe.12119},
   year = {2015},
   type = {Journal Article}
}

@article{RN63,
   author = {Lee, Tung-Hao and Chih, Shu-Hwa},
   title = {Does financial regulation affect the profit efficiency and risk of banks? Evidence from China's commercial banks},
   journal = {The North American Journal of Economics and Finance},
   volume = {26},
   pages = {705-724},
   ISSN = {1062-9408},
   DOI = {https://doi.org/10.1016/j.najef.2013.05.005},
   url = {https://www.sciencedirect.com/science/article/pii/S1062940813000521},
   year = {2013},
   type = {Journal Article}
}

@article{RN64,
   author = {Mehran, Hamid and Thakor, Anjan},
   title = {Bank Capital and Value in the Cross-Section},
   journal = {The Review of Financial Studies},
   volume = {24},
   number = {4},
   pages = {1019-1067},
   ISSN = {08939454, 14657368},
   url = {http://www.jstor.org.queens.ezp1.qub.ac.uk/stable/20869264},
   year = {2011},
   type = {Journal Article}
}

@article{RN65,
   author = {Pasiouras, Fotios},
   title = {International evidence on the impact of regulations and supervision on banks’ technical efficiency: an application of two-stage data envelopment analysis},
   journal = {Review of Quantitative Finance and Accounting},
   volume = {30},
   number = {2},
   pages = {187-223},
   ISSN = {1573-7179},
   DOI = {10.1007/s11156-007-0046-7},
   url = {https://doi.org/10.1007/s11156-007-0046-7},
   year = {2008},
   type = {Journal Article}
}

@article{RN66,
   author = {Pessarossi, Pierre and Weill, Laurent},
   title = {Do capital requirements affect cost efficiency? Evidence from China},
   journal = {Journal of Financial Stability},
   volume = {19},
   pages = {119-127},
   ISSN = {1572-3089},
   DOI = {https://doi.org/10.1016/j.jfs.2014.11.002},
   url = {https://www.sciencedirect.com/science/article/pii/S1572308914001132},
   year = {2015},
   type = {Journal Article}
}

@article{RN67,
   author = {Repullo, Rafael},
   title = {Capital requirements, market power, and risk-taking in banking},
   journal = {Journal of Financial Intermediation},
   volume = {13},
   number = {2},
   pages = {156-182},
   ISSN = {1042-9573},
   DOI = {https://doi.org/10.1016/j.jfi.2003.08.005},
   url = {https://www.sciencedirect.com/science/article/pii/S1042957303001050},
   year = {2004},
   type = {Journal Article}
}

@article{RN68,
   author = {Roulet, Caroline},
   title = {Basel III: Effects of capital and liquidity regulations on European bank lending},
   journal = {Journal of Economics and Business},
   volume = {95},
   pages = {26-46},
   ISSN = {0148-6195},
   DOI = {https://doi.org/10.1016/j.jeconbus.2017.10.001},
   url = {https://www.sciencedirect.com/science/article/pii/S014861951730228X},
   year = {2018},
   type = {Journal Article}
}

@article{RN69,
   author = {Sapienza, Paola},
   title = {The effects of government ownership on bank lending},
   journal = {Journal of Financial Economics},
   volume = {72},
   number = {2},
   pages = {357-384},
   ISSN = {0304-405X},
   DOI = {https://doi.org/10.1016/j.jfineco.2002.10.002},
   url = {https://www.sciencedirect.com/science/article/pii/S0304405X03002459},
   year = {2004},
   type = {Journal Article}
}

@article{RN70,
   author = {Saunders, Anthony and Strock, Elizabeth and Travlos, Nickolaos G.},
   title = {Ownership Structure, Deregulation, and Bank Risk Taking},
   journal = {The Journal of Finance},
   volume = {45},
   number = {2},
   pages = {643-654},
   ISSN = {00221082, 15406261},
   DOI = {10.2307/2328676},
   url = {http://www.jstor.org/stable/2328676},
   year = {1990},
   type = {Journal Article}
}

@article{RN71,
   author = {Shleifer, Andrei and Vishny, Robert W.},
   title = {Large Shareholders and Corporate Control},
   journal = {Journal of Political Economy},
   volume = {94},
   number = {3},
   pages = {461-488},
   ISSN = {00223808, 1537534X},
   url = {http://www.jstor.org.queens.ezp1.qub.ac.uk/stable/1833044},
   year = {1986},
   type = {Journal Article}
}

@article{RN72,
   author = {Shleifer, Andrei and Vishny, Robert W.},
   title = {Politicians and Firms},
   journal = {The Quarterly Journal of Economics},
   volume = {109},
   number = {4},
   pages = {995-1025},
   ISSN = {00335533, 15314650},
   DOI = {10.2307/2118354},
   url = {http://www.jstor.org.queens.ezp1.qub.ac.uk/stable/2118354},
   year = {1994},
   type = {Journal Article}
}

@article{RN4,
   author = {Shleifer, Andrei and Vishny, Robert W.},
   title = {A Survey of Corporate Governance},
   journal = {The Journal of Finance},
   volume = {52},
   number = {2},
   pages = {737-783},
   ISSN = {00221082, 15406261},
   DOI = {10.2307/2329497},
   url = {http://www.jstor.org.queens.ezp1.qub.ac.uk/stable/2329497},
   year = {1997},
   type = {Journal Article}
}

@article{RN73,
   author = {Stiglitz, Joseph E.},
   title = {The Role of the State in Financial Markets},
   journal = {The World Bank Economic Review},
   volume = {7},
   pages = {1},
   year = {1993},
   type = {Journal Article}
}

@article{RN74,
   author = {Stulz, René M.},
   title = {The Limits of Financial Globalization},
   journal = {The Journal of Finance},
   volume = {60},
   number = {4},
   pages = {1595-1638},
   ISSN = {00221082, 15406261},
   url = {http://www.jstor.org.queens.ezp1.qub.ac.uk/stable/3694849},
   year = {2005},
   type = {Journal Article}
}

@article{RN75,
   author = {Tan, Yong and Floros, Christos},
   title = {Risk, capital and efficiency in Chinese banking},
   journal = {Journal of International Financial Markets, Institutions and Money},
   volume = {26},
   pages = {378-393},
   ISSN = {1042-4431},
   DOI = {https://doi.org/10.1016/j.intfin.2013.07.009},
   url = {https://www.sciencedirect.com/science/article/pii/S104244311300053X},
   year = {2013},
   type = {Journal Article}
}

@article{RN76,
   author = {Tirole, Jean},
   title = {The Internal Organization of Government},
   journal = {Oxford Economic Papers},
   volume = {46},
   number = {1},
   pages = {1-29},
   ISSN = {00307653, 14643812},
   url = {http://www.jstor.org/stable/2663521},
   year = {1994},
   type = {Journal Article}
}

@article{RN77,
   author = {Zhang, Dayong and Cai, Jing and Dickinson, David G. and Kutan, Ali M.},
   title = {Non-performing loans, moral hazard and regulation of the Chinese commercial banking system},
   journal = {Journal of Banking & Finance},
   volume = {63},
   pages = {48-60},
   ISSN = {0378-4266},
   DOI = {https://doi.org/10.1016/j.jbankfin.2015.11.010},
   url = {https://www.sciencedirect.com/science/article/pii/S0378426615003192},
   year = {2016},
   type = {Journal Article}
}

@article{RN78,
   author = {Zhu, Wenyu and Yang, Jiawen},
   title = {State ownership, cross-border acquisition, and risk-taking: Evidence from China’s banking industry},
   journal = {Journal of Banking & Finance},
   volume = {71},
   pages = {133-153},
   ISSN = {0378-4266},
   DOI = {https://doi.org/10.1016/j.jbankfin.2016.05.004},
   url = {https://www.sciencedirect.com/science/article/pii/S0378426616300759},
   year = {2016},
   type = {Journal Article}
}

